% This file was created with JabRef 2.5.
% Encoding: ISO8859_1

@BOOK{Rankl2003,
  title = {Smart Card Handbook},
  publisher = {John Wiley \& Sons, Ltd},
  year = {2003},
  editor = {John Wiley \& Sons, Ltd},
  author = {Wolfgang Rankl and Wolfgang Effing},
  owner = {melmanon},
  timestamp = {2011.08.05}
}

@MISC{er,
  owner = {melmanon},
  timestamp = {2011.08.05},
  url = {http://www.easysw.com/~mike/serial/serial.html}
}

@MISC{gd,
  owner = {melmanon},
  timestamp = {2011.08.05},
  url = {http://linux.die.net/man/3/dlsym}
}

@MISC{gh,
  owner = {melmanon},
  timestamp = {2011.08.05},
  url = {http://www.gooze.eu/howto/smartcard-quickstarter-guide}
}

@MISC{hg,
  owner = {melmanon},
  timestamp = {2011.08.05},
  url = {http://tldp.org/HOWTO/Program-Library-HOWTO/dl-libraries.html}
}

@MISC{sdf,
  owner = {melmanon},
  timestamp = {2011.08.05},
  url = {http://www.mkssoftware.com/docs/man3/select.3.asp}
}

@comment{jabref-meta: selector_publisher:}

@comment{jabref-meta: selector_author:}

@comment{jabref-meta: selector_journal:}

@comment{jabref-meta: selector_keywords:}

